@article{karim2024can,
  title={Can supervised deep learning architecture outperform autoencoders in building propensity score models for matching?},
  author={Karim, Mohammad Ehsanul},
  journal={BMC Medical Research Methodology},
  volume={24},
  number={1},
  pages={167},
  year={2024},
  publisher={Springer}
}

@article{karim2024high,
  title={High-dimensional propensity score and its machine learning extensions in residual confounding control},
  author={Karim, Mohammad Ehsanul},
  journal={The American Statistician},
  number={1},
  pages={1--38},
  year={2024},
  publisher={Taylor and Francis}
}

@article{wyss2018erratum,
  title={Erratum: high-dimensional propensity score adjustment in studies of treatment effects using health care claims data},
  author={Wyss, Richard and Fireman, Bruce and Rassen, Jeremy A and Schneeweiss, Sebastian},
  journal={Epidemiology},
  volume={29},
  number={6},
  pages={e63--e64},
  year={2018},
  publisher={LWW}
}

@article{ostchega2012abdominal,
  title={Abdominal obesity, body mass index, and hypertension in US adults: NHANES 2007--2010},
  author={Ostchega, Yechiam and Hughes, Jeffery P and Terry, Ana and Fakhouri, Tala HI and Miller, Ivey},
  journal={American journal of hypertension},
  volume={25},
  number={12},
  pages={1271--1278},
  year={2012},
  publisher={Oxford University Press}
}

@article{kabadi2012joint,
  title={Joint effects of obesity and vitamin D insufficiency on insulin resistance and type 2 diabetes: results from the NHANES 2001--2006},
  author={Kabadi, Shaum M and Lee, Brian K and Liu, Longjian},
  journal={Diabetes care},
  volume={35},
  number={10},
  pages={2048--2054},
  year={2012},
  publisher={Am Diabetes Assoc}
}

@article{saydah2014trends,
  title={Trends in cardiovascular disease risk factors by obesity level in adults in the United States, NHANES 1999-2010},
  author={Saydah, Sharon and Bullard, Kai McKeever and Cheng, Yiling and Ali, Mohammed K and Gregg, Edward W and Geiss, Linda and Imperatore, Giuseppina},
  journal={Obesity},
  volume={22},
  number={8},
  pages={1888--1895},
  year={2014},
  publisher={Wiley Online Library}
}

@article{liu2013association,
  title={The association of sleep disorder, obesity status, and diabetes mellitus among US adultsâ€”The NHANES 2009-2010 survey results},
  author={Liu, Jian and Hay, John and Faught, Brent E and others},
  journal={International journal of endocrinology},
  volume={2013},
  year={2013},
  publisher={Hindawi}
}

@article{xiao2024interpretable,
  title={Interpretable machine learning in predicting drug-induced liver injury among tuberculosis patients: model development and validation study},
  author={Xiao, Yue and Chen, Yanfei and Huang, Ruijian and Jiang, Feng and Zhou, Jifang and Yang, Tianchi},
  journal={BMC Medical Research Methodology},
  volume={24},
  number={1},
  pages={92},
  year={2024},
  publisher={Springer}
}

@book{holland1975adaptation,
  title     = {Adaptation in Natural and Artificial Systems},
  author    = {John H. Holland},
  year      = {1975},
  publisher = {University of Michigan Press}
}


@article{breiman2001random,
  title={Random forests},
  author={Breiman, Leo},
  journal={Machine learning},
  volume={45},
  pages={5--32},
  year={2001},
  publisher={Springer}
}

@article{lix2013predictive,
  title={Predictive performance of comorbidity measures in administrative databases for diabetes cohorts},
  author={Lix, Lisa M and Quail, Jacqueline and Fadahunsi, Opeyemi and Teare, Gary F},
  journal={BMC Health Services Research},
  volume={13},
  pages={1--12},
  year={2013}
}

@article{farley2006comparison,
  title={A comparison of comorbidity measurements to predict healthcare expenditures},
  author={Farley, Joel F and Harley, Carolyn R and Devine, Joshua W},
  journal={American Journal of Managed Care},
  volume={12},
  number={2},
  pages={110--118},
  year={2006}
}


@inproceedings{chen2016xgboost,
  title={Xgboost: A scalable tree boosting system},
  author={Chen, Tianqi and Guestrin, Carlos},
  booktitle={Proceedings of the 22nd acm sigkdd international conference on knowledge discovery and data mining},
  pages={785--794},
  year={2016}
}

@article{weberpals2021deep,
  title={Deep Learning-based Propensity Scores for Confounding Control in Comparative Effectiveness Research: A Large-scale, Real-world Data Study},
  author={Weberpals, Janick and Becker, Tim and Davies, Jessica and Schmich, Fabian and R{\"u}ttinger, Dominik and Theis, Fabian J and Bauer-Mehren, Anna},
  journal={Epidemiology},
  volume={32},
  number={3},
  pages={378--388},
  year={2021},
  publisher={LWW}
}

@article{hajage2016use,
  title={On the use of propensity scores in case of rare exposure},
  author={Hajage, David and Tubach, Florence and Steg, Philippe Gabriel and Bhatt, Deepak L and De Rycke, Yann},
  journal={BMC medical research methodology},
  volume={16},
  pages={1--16},
  year={2016},
  publisher={Springer}
}

@article{son2023improved,
  title={Improved patient mortality predictions in emergency departments with deep learning data-synthesis and ensemble models},
  author={Son, Byounghoon and Myung, Jinwoo and Shin, Younghwan and Kim, Sangdo and Kim, Sung Hyun and Chung, Jong-Moon and Noh, Jiyoung and Cho, Junho and Chung, Hyun Soo},
  journal={Scientific Reports},
  volume={13},
  number={1},
  pages={15031},
  year={2023},
  publisher={Nature Publishing Group UK London}
}

@article{lu2021deep,
  title={Deep learning for the prediction of early on-treatment response in metastatic colorectal cancer from serial medical imaging},
  author={Lu, Lin and Dercle, Laurent and Zhao, Binsheng and Schwartz, Lawrence H},
  journal={Nature communications},
  volume={12},
  number={1},
  pages={6654},
  year={2021},
  publisher={Nature Publishing Group UK London}
}

@article{king2019propensity,
  title={Why propensity scores should not be used for matching},
  author={King, Gary and Nielsen, Richard},
  journal={Political Analysis},
  volume={27},
  number={4},
  pages={435--454},
  year={2019},
  publisher={Cambridge University Press}
}


@article{stuart2013prognostic,
  title={Prognostic score--based balance measures can be a useful diagnostic for propensity score methods in comparative effectiveness research},
  author={Stuart, Elizabeth A and Lee, Brian K and Leacy, Finbarr P},
  journal={Journal of clinical epidemiology},
  volume={66},
  number={8},
  pages={S84--S90},
  year={2013},
  publisher={Elsevier}
}

@article{phillips2023practical,
  title={Practical considerations for specifying a super learner},
  author={Phillips, Rachael V and van der Laan, Mark J and Lee, Hana and Gruber, Susan},
  journal={International Journal of Epidemiology},
  volume={52},
  number={4},
  pages={1276--1285},
  year={2023},
  publisher={Oxford University Press}
}

@article{schuler2017targeted,
  title={Targeted maximum likelihood estimation for causal inference in observational studies},
  author={Schuler, Megan S and Rose, Sherri},
  journal={American journal of epidemiology},
  volume={185},
  number={1},
  pages={65--73},
  year={2017},
  publisher={Oxford University Press}
}

@article{frank2024implementing,
  title={Implementing TMLE in the presence of a continuous outcome},
  author={Frank, Hanna A and Karim, Mohammad Ehsanul},
  journal={Research Methods in Medicine and Health Sciences},
  volume={5},
  number={1},
  pages={8--19},
  year={2024},
  publisher={SAGE Publications Sage UK: London, England}
}

@article{ahmed2008propensity,
  title={A propensity-matched study of the effects of chronic diuretic therapy on mortality and hospitalization in older adults with heart failure},
  author={Ahmed, Ali and Young, James B and Love, Thomas E and Levesque, Raynald and Pitt, Betram},
  journal={International journal of cardiology},
  volume={125},
  number={2},
  pages={246--253},
  year={2008},
  publisher={Elsevier}
}

@article{mcconnell2019estimating,
  title={Estimating treatment effects with machine learning},
  author={McConnell, K John and Lindner, Stephan},
  journal={Health services research},
  volume={54},
  number={6},
  pages={1273--1282},
  year={2019},
  publisher={Wiley Online Library}
}

@article{austin2011optimal,
  title={Optimal caliper widths for propensity-score matching when estimating differences in means and differences in proportions in observational studies},
  author={Austin, Peter C},
  journal={Pharmaceutical statistics},
  volume={10},
  number={2},
  pages={150--161},
  year={2011},
  publisher={Wiley Online Library}
}

@article{friedman1991multivariate,
  title={Multivariate adaptive regression splines},
  author={Friedman, Jerome H},
  journal={The annals of statistics},
  volume={19},
  number={1},
  pages={1--67},
  year={1991},
  publisher={Institute of Mathematical Statistics}
}

@Manual{earth,
    title = {earth: Multivariate Adaptive Regression Splines},
    author = {Stephen Milborrow.},
    year = {2023},
    note = {R package version 5.3.2},
    url = {https://CRAN.R-project.org/package=earth},
  }

@article{austin2014comparison,
  title={A comparison of 12 algorithms for matching on the propensity score},
  author={Austin, Peter C},
  journal={Statistics in medicine},
  volume={33},
  number={6},
  pages={1057--1069},
  year={2014},
  publisher={Wiley Online Library}
}

@article{karim2022use,
  title={The use and quality of reporting of propensity score methods in multiple sclerosis literature: A review},
  author={Karim, Mohammad Ehsanul and Pellegrini, Fabio and Platt, Robert W and Simoneau, Gabrielle and Rouette, Julie and de Moor, Carl},
  journal={Multiple Sclerosis Journal},
  volume={28},
  number={9},
  pages={1317--1323},
  year={2022},
  publisher={SAGE Publications Sage UK: London, England}
}

@article{schuster2016propensity,
  title={Propensity score model overfitting led to inflated variance of estimated odds ratios},
  author={Schuster, Tibor and Lowe, Wilfrid Kouokam and Platt, Robert W},
  journal={Journal of clinical epidemiology},
  volume={80},
  pages={97--106},
  year={2016},
  publisher={Elsevier}
}

@article{simoneau2022recommendations,
  title={Recommendations for the use of propensity score methods in multiple sclerosis research},
  author={Simoneau, Gabrielle and Pellegrini, Fabio and Debray, Thomas PA and Rouette, Julie and Mu{\~n}oz, Johanna and Platt, Robert W and Petkau, John and Bohn, Justin and Shen, Changyu and de Moor, Carl and others},
  journal={Multiple Sclerosis Journal},
  volume={28},
  number={9},
  pages={1467--1480},
  year={2022},
  publisher={SAGE Publications Sage UK: London, England}
}

@article{kang2007demystifying,
  title={Demystifying Double Robustness: A Comparison of Alternative Strategies for Estimating a Population Mean from Incomplete Data},
  author={Kang, Joseph DY and Schafer, Joseph L},
  journal={Statistical Science},
  volume={22},
  number={4},
  pages={523--539},
  year={2007}
}

@article{pirracchio2015improving,
  title={Improving propensity score estimators' robustness to model misspecification using super learner},
  author={Pirracchio, Romain and Petersen, Maya L and Van Der Laan, Mark},
  journal={American journal of epidemiology},
  volume={181},
  number={2},
  pages={108--119},
  year={2015},
  publisher={Oxford University Press}
}

@article{vansteelandt2012model,
  title={On model selection and model misspecification in causal inference},
  author={Vansteelandt, Stijn and Bekaert, Maarten and Claeskens, Gerda},
  journal={Statistical methods in medical research},
  volume={21},
  number={1},
  pages={7--30},
  year={2012},
  publisher={Sage Publications Sage UK: London, England}
}

@article{franklin2014metrics,
  title={Metrics for covariate balance in cohort studies of causal effects},
  author={Franklin, Jessica M and Rassen, Jeremy A and Ackermann, Diana and Bartels, Dorothee B and Schneeweiss, Sebastian},
  journal={Statistics in medicine},
  volume={33},
  number={10},
  pages={1685--1699},
  year={2014},
  publisher={Wiley Online Library}
}

@article{white2023check,
  title={How to check a simulation study},
  author={White, Ian R and Pham, Tra My and Quartagno, Matteo and Morris, Tim P},
  journal={International Journal of Epidemiology},
  pages={dyad134},
  year={2023},
  publisher={Oxford University Press}
}

@article{morris2019using,
  title={Using simulation studies to evaluate statistical methods},
  author={Morris, Tim P and White, Ian R and Crowther, Michael J},
  journal={Statistics in medicine},
  volume={38},
  number={11},
  pages={2074--2102},
  year={2019},
  publisher={Wiley Online Library}
}

@article{naimi2017challenges,
  title={Challenges in obtaining valid causal effect estimates with machine learning algorithms},
  author={Naimi, Ashley I and Mishler, Alan E and Kennedy, Edward H},
  journal={American Journal of Epidemiology},
  year={2021},
  doi={10.1093/aje/kwab201}
}

@article{zivich2021machine,
  title={Machine learning for causal inference: on the use of cross-fit estimators},
  author={Zivich, Paul N and Breskin, Alexander},
  journal={Epidemiology (Cambridge, Mass.)},
  volume={32},
  number={3},
  pages={393},
  year={2021},
  publisher={NIH Public Access}
}

@article{alam2019should,
  title={Should a propensity score model be super? the utility of ensemble procedures for causal adjustment},
  author={Alam, Shomoita and Moodie, Erica EM and Stephens, David A},
  journal={Statistics in medicine},
  volume={38},
  number={9},
  pages={1690--1702},
  year={2019},
  publisher={Wiley Online Library}
}

@article{karim2018can,
  title={Can we train machine learning methods to outperform the high-dimensional propensity score algorithm?},
  author={Karim, Mohammad Ehsanul and Pang, Menglan and Platt, Robert W},
  journal={Epidemiology},
  volume={29},
  number={2},
  pages={191--198},
  year={2018},
  publisher={Wolters Kluwer}
}

@article{franklin2014plasmode,
  title={Plasmode simulation for the evaluation of pharmacoepidemiologic methods in complex healthcare databases},
  author={Franklin, Jessica M and Schneeweiss, Sebastian and Polinski, Jennifer M and Rassen, Jeremy A},
  journal={Computational statistics and data analysis},
  volume={72},
  pages={219--226},
  year={2014},
  publisher={Elsevier}
}

@article{ghosh2021propensity,
  title={Propensity score synthetic augmentation matching using generative adversarial networks (PSSAM-GAN)},
  author={Ghosh, Shantanu and Boucher, Christina and Bian, Jiang and Prosperi, Mattia},
  journal={Computer methods and programs in biomedicine update},
  volume={1},
  pages={100020},
  year={2021},
  publisher={Elsevier}
}

@article{guzman2022deep,
  title={Deep Neural Networks for Propensity Score Estimation},
  author={Guzman-Alvarez, Alberto and Qin, Xu and Scott, Paul W},
  journal={Multivariate Behavioral Research},
  volume={57},
  number={1},
  pages={164--165},
  year={2022},
  publisher={Taylor and Francis}
}

@article{chen2023covariate,
  title={Covariate-balancing-aware interpretable deep learning models for treatment effect estimation},
  author={Chen, Kan and Yin, Qishuo and Long, Qi},
  journal={Statistics in Biosciences},
  pages={1--19},
  year={2023},
  publisher={Springer}
}

@article{mohajer2022thigh,
  title={{Thigh muscle changes can worsen subsequent knee oa clinical outcomes: use of deep learning and propensity-score matching on OAI data}},
  author={Mohajer, B and Dolatashahi, M and Moradi, K and Najafzadeh, N and Enj, J and Zikria, B and Wan, M and Cao, X and Roemer, FW and Guermazi, A and others},
  journal={Osteoarthritis Imaging},
  volume={2},
  pages={100048},
  year={2022},
  publisher={Elsevier}
}

@article{monlezun2022artificial,
  title={Artificial intelligence-augmented propensity score, cost effectiveness and computational ethical analysis of cardiac arrest and active cancer with novel mortality predictive score},
  author={Monlezun, Dominique J and Sinyavskiy, Oleg and Peters, Nathaniel and Steigner, Lorraine and Aksamit, Timothy and Girault, Maria Ines and Garcia, Alberto and Gallagher, Colleen and Iliescu, Cezar},
  journal={Medicina},
  volume={58},
  number={8},
  pages={1039},
  year={2022},
  publisher={MDPI}
}

@article{shi2019adapting,
  title={Adapting neural networks for the estimation of treatment effects},
  author={Shi, Claudia and Blei, David and Veitch, Victor},
  journal={Advances in neural information processing systems},
  volume={32},
  year={2019}
}

@article{collier2022explained,
  title={Explained: Artificial Intelligence for Propensity Score Estimation in Multilevel Educational Settings.},
  author={Collier, Zachary K and Zhang, Haobai and Liu, Liu},
  journal={Practical Assessment, Research and Evaluation},
  volume={27},
  pages={3},
  year={2022},
  publisher={ERIC}
}

@article{nguyen2017double,
  title={Double-adjustment in propensity score matching analysis: choosing a threshold for considering residual imbalance},
  author={Nguyen, Tri-Long and Collins, Gary S and Spence, Jessica and Daur{\`e}s, Jean-Pierre and Devereaux, PJ and Landais, Paul and Le Manach, Yannick},
  journal={BMC medical research methodology},
  volume={17},
  pages={1--8},
  year={2017},
  publisher={Springer}
}

@article{austin2017double,
  title={Double propensity-score adjustment: a solution to design bias or bias due to incomplete matching},
  author={Austin, Peter C},
  journal={Statistical methods in medical research},
  volume={26},
  number={1},
  pages={201--222},
  year={2017},
  publisher={SAGE Publications Sage UK: London, England}
}

@article{whata2022evaluating,
  title={Evaluating uses of deep learning methods for causal inference},
  author={Whata, Albert and Chimedza, Charles},
  journal={IEEE Access},
  volume={10},
  pages={2813--2827},
  year={2022},
  publisher={IEEE}
}

@article{ghosh2021deep,
  title={Deep propensity network using a sparse autoencoder for estimation of treatment effects},
  author={Ghosh, Shantanu and Bian, Jiang and Guo, Yi and Prosperi, Mattia},
  journal={Journal of the American Medical Informatics Association},
  volume={28},
  number={6},
  pages={1197--1206},
  year={2021},
  publisher={Oxford University Press}
}

@article{ramachandra2018deep,
  title={Deep learning for causal inference},
  author={Ramachandra, Vikas},
  journal={arXiv preprint arXiv:1803.00149},
  year={2018}
}

@article{keller2013data,
  title={Data mining alternatives to logistic regression for propensity score estimation: Neural networks and support vector machines},
  author={Keller, Bryan SB and Kim, Jee-Seon and Steiner, Peter M},
  journal={Multivariate behavioral research},
  volume={48},
  number={1},
  pages={164--164},
  year={2013},
  publisher={Taylor and Francis}
}

@article{watkins2013empirical,
  title={An empirical comparison of tree-based methods for propensity score estimation},
  author={Watkins, Stephanie and Jonsson-Funk, Michele and Brookhart, M Alan and Rosenberg, Steven A and O'Shea, T Michael and Daniels, Julie},
  journal={Health services research},
  volume={48},
  number={5},
  pages={1798--1817},
  year={2013},
  publisher={Wiley Online Library}
}

@article{zhu2014data,
  title={A data-adaptive strategy for inverse weighted estimation of causal effects},
  author={Zhu, Yeying and Ghosh, Debashis and Mitra, Nandita and Mukherjee, Bhramar},
  journal={Health Services and Outcomes Research Methodology},
  volume={14},
  pages={69--91},
  year={2014},
  publisher={Springer}
}

@article{westreich2010propensity,
  title={Propensity score estimation: machine learning and classification methods as alternatives to logistic regression},
  author={Westreich, Daniel and Lessler, Justin and Funk, Michele Jonsson},
  journal={Journal of clinical epidemiology},
  volume={63},
  number={8},
  pages={826},
  year={2010},
  publisher={NIH Public Access}
}

@article{mccaffrey2004propensity,
  title={Propensity score estimation with boosted regression for evaluating causal effects in observational studies.},
  author={McCaffrey, Daniel F and Ridgeway, Greg and Morral, Andrew R},
  journal={Psychological methods},
  volume={9},
  number={4},
  pages={403},
  year={2004},
  publisher={American Psychological Association}
}

@article{lee2010improving,
  title={Improving propensity score weighting using machine learning},
  author={Lee, Brian K and Lessler, Justin and Stuart, Elizabeth A},
  journal={Statistics in medicine},
  volume={29},
  number={3},
  pages={337--346},
  year={2010},
  publisher={Wiley Online Library}
}

@article{connors1996effectiveness,
  title={The effectiveness of right heart catheterization in the initial care of critically III patients},
  author={Connors, Alfred F and Speroff, Theodore and Dawson, Neal V and Thomas, Charles and Harrell, Frank E and Wagner, Douglas and Desbiens, Norman and Goldman, Lee and Wu, Albert W and Califf, Robert M and others},
  journal={Jama},
  volume={276},
  number={11},
  pages={889--897},
  year={1996},
  publisher={American Medical Association}
}

@article{westreich2011role,
  title={The role of the c-statistic in variable selection for propensity score models},
  author={Westreich, Daniel and Cole, Stephen R and Funk, Michele Jonsson and Brookhart, M Alan and St{\"u}rmer, Til},
  journal={Pharmacoepidemiology and drug safety},
  volume={20},
  number={3},
  pages={317--320},
  year={2011},
  publisher={Wiley Online Library}
}

@article{firth1993bias,
  title={Bias reduction of maximum likelihood estimates},
  author={Firth, David},
  journal={Biometrika},
  volume={80},
  number={1},
  pages={27--38},
  year={1993},
  publisher={Oxford University Press}
}

@article{rubin1996matching,
  title={Matching using estimated propensity scores: relating theory to practice},
  author={Rubin, Donald B and Thomas, Neal},
  journal={Biometrics},
  pages={249--264},
  year={1996},
  publisher={JSTOR}
}

@article{rubin1997estimating,
  title={Estimating causal effects from large data sets using propensity scores},
  author={Rubin, Donald B},
  journal={Annals of internal medicine},
  volume={127},
  number={8\_Part\_2},
  pages={757--763},
  year={1997},
  publisher={American College of Physicians}
}

@article{brookhart2006variable,
  title={Variable selection for propensity score models},
  author={Brookhart, M Alan and Schneeweiss, Sebastian and Rothman, Kenneth J and Glynn, Robert J and Avorn, Jerry and St{\"u}rmer, Til},
  journal={American journal of epidemiology},
  volume={163},
  number={12},
  pages={1149--1156},
  year={2006},
  publisher={Oxford University Press}
}

@article{austin2015moving,
  title={Moving towards best practice when using inverse probability of treatment weighting (IPTW) using the propensity score to estimate causal treatment effects in observational studies},
  author={Austin, Peter C and Stuart, Elizabeth A},
  journal={Statistics in medicine},
  volume={34},
  number={28},
  pages={3661--3679},
  year={2015},
  publisher={Wiley Online Library}
}

@article{guertin2016head,
  title={Head to head comparison of the propensity score and the high-dimensional propensity score matching methods},
  author={Guertin, Jason R and Rahme, Elham and Dormuth, Colin R and LeLorier, Jacques},
  journal={BMC medical research methodology},
  volume={16},
  pages={1--10},
  year={2016},
  publisher={Springer}
}

@article{benasseur2022comparison,
  title={A comparison of confounder selection and adjustment methods for estimating causal effects using large healthcare databases},
  author={Benasseur, Imane and Talbot, Denis and Durand, Madeleine and Holbrook, Anne and Matteau, Alexis and Potter, Brian J and Renoux, Christel and Schnitzer, Mireille E and Tarride, Jean-{\'E}ric and Guertin, Jason R},
  journal={Pharmacoepidemiology and Drug Safety},
  volume={31},
  number={4},
  pages={424--433},
  year={2022},
  publisher={Wiley Online Library}
}

@article{tian2018evaluating,
  title={Evaluating large-scale propensity score performance through real-world and synthetic data experiments},
  author={Tian, Yuxi and Schuemie, Martijn J and Suchard, Marc A},
  journal={International journal of epidemiology},
  volume={47},
  number={6},
  pages={2005--2014},
  year={2018},
  publisher={Oxford University Press}
}

@article{franklin2015regularized,
  title={Regularized regression versus the high-dimensional propensity score for confounding adjustment in secondary database analyses},
  author={Franklin, Jessica M and Eddings, Wesley and Glynn, Robert J and Schneeweiss, Sebastian},
  journal={American journal of epidemiology},
  volume={182},
  number={7},
  pages={651--659},
  year={2015},
  publisher={Oxford University Press}
}

@article{pang2016targeted,
  title={Targeted maximum likelihood estimation for pharmacoepidemiologic research},
  author={Pang, Menglan and Schuster, Tibor and Filion, Kristian B and Eberg, Maria and Platt, Robert W},
  journal={Epidemiology (Cambridge, Mass.)},
  volume={27},
  number={4},
  pages={570},
  year={2016},
  publisher={Wolters Kluwer Health}
}

@article{pang2016effect,
  title={Effect estimation in point-exposure studies with binary outcomes and high-dimensional covariate data--a comparison of targeted maximum likelihood estimation and inverse probability of treatment weighting},
  author={Pang, Menglan and Schuster, Tibor and Filion, Kristian B and Schnitzer, Mireille E and Eberg, Maria and Platt, Robert W},
  journal={The international journal of biostatistics},
  volume={12},
  number={2},
  year={2016},
  publisher={De Gruyter}
}

@article{hossain2023role,
  title={Role of latent tuberculosis infection on elevated risk of cardiovascular disease: a population-based cohort study of immigrants in British Columbia, Canada, 1985--2019},
  author={Hossain, Md Belal and Johnston, James C and Cook, Victoria J and Sadatsafavi, Mohsen and Wong, Hubert and Romanowski, Kamila and Karim, Mohammad Ehsanul},
  journal={Epidemiology \& Infection},
  volume={151},
  pages={e68},
  year={2023},
  publisher={Cambridge University Press}
}

@article{basham2021post,
  title={Post-tuberculosis airway disease: a population-based cohort study of people immigrating to British Columbia, Canada, 1985--2015},
  author={Basham, C Andrew and Karim, Mohammad E and Cook, Victoria J and Patrick, David M and Johnston, James C},
  journal={EClinicalMedicine},
  volume={33},
  year={2021},
  publisher={Elsevier}
}

@article{ju2019propensity,
  title={Propensity score prediction for electronic healthcare databases using super learner and high-dimensional propensity score methods},
  author={Ju, Cheng and Combs, Mary and Lendle, Samuel D and Franklin, Jessica M and Wyss, Richard and Schneeweiss, Sebastian and van der Laan, Mark J},
  journal={Journal of Applied Statistics},
  volume={46},
  number={12},
  pages={2216--2236},
  year={2019},
  publisher={Taylor and Francis}
}

@article{ju2019scalable,
  title={Scalable collaborative targeted learning for high-dimensional data},
  author={Ju, Cheng and Gruber, Susan and Lendle, Samuel D and Chambaz, Antoine and Franklin, Jessica M and Wyss, Richard and Schneeweiss, Sebastian and van Der Laan, Mark J},
  journal={Statistical methods in medical research},
  volume={28},
  number={2},
  pages={532--554},
  year={2019},
  publisher={SAGE Publications Sage UK: London, England}
}

@article{neugebauer2015high,
  title={High-dimensional propensity score algorithm in comparative effectiveness research with time-varying interventions},
  author={Neugebauer, Romain and Schmittdiel, Julie A and Zhu, Zheng and Rassen, Jeremy A and Seeger, John D and Schneeweiss, Sebastian},
  journal={Statistics in medicine},
  volume={34},
  number={5},
  pages={753--781},
  year={2015},
  publisher={Wiley Online Library}
}

@article{hdps23,
  title={Rethinking Residual Confounding Bias Reduction: Why Vanilla hdPS Alone is No Longer Enough.},
  author={Karim, ME},
  year={2023},
  DOI={10.5281/zenodo.7877767},
  note={URL: https://ehsanx.github.io/hdPS/}
}

@article{platt2019comparison,
  title={Comparison of fingolimod, dimethyl fumarate and teriflunomide for multiple sclerosis: when methodology does not hold the promise},
  author={Platt, Robert W and Karim, Mohammad Ehsanul and Debray, Thomas PA and Copetti, Massimiliano and Tsivgoulis, Georgios and Waubant, Emmanuelle and Hartung, Hans-Peter},
  journal={Journal of Neurology, Neurosurgery, and Psychiatry},
  volume={90},
  number={4},
  pages={458.responses},
  year={2019},
  url={https://jnnp.bmj.com/content/90/4/458.responses}
}

@article{ho2007matching,
  title={Matching as nonparametric preprocessing for reducing model dependence in parametric causal inference},
  author={Ho, Daniel E and Imai, Kosuke and King, Gary and Stuart, Elizabeth A},
  journal={Political analysis},
  volume={15},
  number={3},
  pages={199--236},
  year={2007},
  publisher={Cambridge University Press}
}

@article{judkins2007variable,
  title={Variable selection and raking in propensity scoring},
  author={Judkins, David R and Morganstein, David and Zador, Paul and Piesse, Andrea and Barrett, Brandon and Mukhopadhyay, Pushpal},
  journal={Statistics in medicine},
  volume={26},
  number={5},
  pages={1022--1033},
  year={2007},
  publisher={Wiley Online Library}
}

@article{tazare2022transparency,
  title={Transparency of high-dimensional propensity score analyses: guidance for diagnostics and reporting},
  author={Tazare, John and Wyss, Richard and Franklin, Jessica M and Smeeth, Liam and Evans, Stephen JW and Wang, Shirley V and Schneeweiss, Sebastian and Douglas, Ian J and Gagne, Joshua J and Williamson, Elizabeth J},
  journal={Pharmacoepidemiology and Drug Safety},
  volume={31},
  number={4},
  pages={411--423},
  year={2022},
  publisher={Wiley Online Library}
}

@article{rassen2023high,
  title={High-dimensional propensity scores for empirical covariate selection in secondary database studies: Planning, implementation, and reporting},
  author={Rassen, Jeremy A and Blin, Patrick and Kloss, Sebastian and Neugebauer, Romain S and Platt, Robert W and Potteg{\aa}rd, Anton and Schneeweiss, Sebastian and Toh, Sengwee},
  journal={Pharmacoepidemiology and Drug Safety},
  volume={32},
  number={2},
  pages={93--106},
  year={2023},
  publisher={Wiley Online Library}
}

@article{simon2023evaluating,
  title={Evaluating the Performance of High-Dimensional Propensity Scores Compared with Standard Propensity Scores for Comparing Antihypertensive Therapies in the CPRD GOLD Database},
  author={Simon, Virginie and Vadel, Jade},
  journal={Cardiology and Therapy},
  volume={12},
  number={2},
  pages={393--408},
  year={2023},
  publisher={Springer}
}

@article{wyss2018using,
  title={Using super learner prediction modeling to improve high-dimensional propensity score estimation},
  author={Wyss, Richard and Schneeweiss, Sebastian and Van Der Laan, Mark and Lendle, Samuel D and Ju, Cheng and Franklin, Jessica M},
  journal={Epidemiology},
  volume={29},
  number={1},
  pages={96--106},
  year={2018},
  publisher={Wolters Kluwer}
}

@article{balzer2021demystifying,
  title={Demystifying statistical inference when using machine learning in causal research},
  author={Balzer, Laura B and Westling, Ted},
  journal={American Journal of Epidemiology},
  year={2021},
  doi ={10.1093/aje/kwab200}
}

@article{Phillips2021,
  title={Practical considerations for specifying a super learner},
  author={Phillips, Rachael V and van der Laan, Mark J and Lee, Hana and Gruber, Susan},
  journal={International Journal of Epidemiology},
  year={2023},
  doi={10.1093/ije/dyad023}
}

@article{wyss2022machine,
  title={Machine learning for improving high-dimensional proxy confounder adjustment in healthcare database studies: An overview of the current literature},
  author={Wyss, Richard and Yanover, Chen and El-Hay, Tal and Bennett, Dimitri and Platt, Robert W and Zullo, Andrew R and Sari, Grammati and Wen, Xuerong and Ye, Yizhou and Yuan, Hongbo and others},
  journal={Pharmacoepidemiology and Drug Safety},
  volume={31},
  number={9},
  pages={932--943},
  year={2022},
  publisher={Wiley Online Library}
}

@article{klein2022does,
  title={Why does obesity cause diabetes?},
  author={Klein, Samuel and Gastaldelli, Amalia and Yki-J{\"a}rvinen, Hannele and Scherer, Philipp E},
  journal={Cell metabolism},
  volume={34},
  number={1},
  pages={11--20},
  year={2022},
  publisher={Elsevier}
}

@article{von1992chronic,
  title={A chronic disease score from automated pharmacy data},
  author={Von Korff, Michael and Wagner, Edward H and Saunders, Kathleen},
  journal={Journal of clinical epidemiology},
  volume={45},
  number={2},
  pages={197--203},
  year={1992},
  publisher={Elsevier}
}

@article{elixhauser1998comorbidity,
  title={Comorbidity measures for use with administrative data},
  author={Elixhauser, Anne and Steiner, Claudia and Harris, D Robert and Coffey, Rosanna M},
  journal={Medical care},
  pages={8--27},
  year={1998},
  publisher={JSTOR}
}

@article{charlson1987new,
  title={A new method of classifying prognostic comorbidity in longitudinal studies: development and validation},
  author={Charlson, Mary E and Pompei, Peter and Ales, Kathy L and MacKenzie, C Ronald},
  journal={Journal of chronic diseases},
  volume={40},
  number={5},
  pages={373--383},
  year={1987},
  publisher={Elsevier}
}

@article{choi2001risk,
  title={Risk factors for diabetes mellitus by age and sex: results of the National Population Health Survey},
  author={Choi, BCK and Shi, F},
  journal={Diabetologia},
  volume={44},
  pages={1221--1231},
  year={2001},
  publisher={Springer}
}

@article{schneeweiss2009high,
  title={High-dimensional propensity score adjustment in studies of treatment effects using health care claims data},
  author={Schneeweiss, Sebastian and Rassen, Jeremy A and Glynn, Robert J and Avorn, Jerry and Mogun, Helen and Brookhart, M Alan},
  journal={Epidemiology (Cambridge, Mass.)},
  volume={20},
  number={4},
  pages={512},
  year={2009},
  publisher={NIH Public Access}
}

@article{schneeweiss2006sensitivity,
  title={Sensitivity analysis and external adjustment for unmeasured confounders in epidemiologic database studies of therapeutics},
  author={Schneeweiss, Sebastian},
  journal={Pharmacoepidemiology and drug safety},
  volume={15},
  number={5},
  pages={291--303},
  year={2006},
  publisher={Wiley Online Library}
}

@article{bross1966spurious,
  title={Spurious effects from an extraneous variable},
  author={Bross, Irwin DJ},
  journal={Journal of chronic diseases},
  volume={19},
  number={6},
  pages={637--647},
  year={1966},
  publisher={Elsevier}
}

@Manual{autoCovariateSelection,
  title = {autoCovariateSelection: Automatic Covariate Selection},
  author = {Robert, Dennis},
  year = {2020},
  note = {R package version 1.0.0},
  url = {https://CRAN.R-project.org/package=autoCovariateSelection},
}

@article{schuster2015role,
  title={On the role of marginal confounder prevalence--implications for the high-dimensional propensity score algorithm},
  author={Schuster, Tibor and Pang, Menglan and Platt, Robert W},
  journal={Pharmacoepidemiology and drug safety},
  volume={24},
  number={9},
  pages={1004--1007},
  year={2015},
  publisher={Wiley Online Library}
}

@article{connolly2019quantifying,
  title={Quantifying bias reduction with fixed-duration versus all-available covariate assessment periods},
  author={Connolly, John G and Schneeweiss, Sebastian and Glynn, Robert J and Gagne, Joshua J},
  journal={Pharmacoepidemiology and drug safety},
  volume={28},
  number={5},
  pages={665--670},
  year={2019},
  publisher={Wiley Online Library}
}

@article{low2016comparing,
  title={Comparing high-dimensional confounder control methods for rapid cohort studies from electronic health records},
  author={Low, Yen Sia and Gallego, Blanca and Shah, Nigam Haresh},
  journal={Journal of comparative effectiveness research},
  volume={5},
  number={2},
  pages={179--192},
  year={2016},
  publisher={Future Medicine}
}

@article{naimi2020estimating,
  title={Estimating risk ratios and risk differences using regression},
  author={Naimi, Ashley I and Whitcomb, Brian W},
  journal={American journal of epidemiology},
  volume={189},
  number={6},
  pages={508--510},
  year={2020},
  publisher={Oxford University Press}
}

@article{schneeweiss2017variable,
  title={Variable selection for confounding adjustment in high-dimensional covariate spaces when analyzing healthcare databases},
  author={Schneeweiss, Sebastian and Eddings, Wesley and Glynn, Robert J and Patorno, Elisabetta and Rassen, Jeremy and Franklin, Jessica M},
  journal={Epidemiology},
  volume={28},
  number={2},
  pages={237--248},
  year={2017},
  publisher={Wolters Kluwer}
}

@article{schneeweiss2018automated,
  title={Automated data-adaptive analytics for electronic healthcare data to study causal treatment effects},
  author={Schneeweiss, Sebastian},
  journal={Clinical epidemiology},
  pages={771--788},
  year={2018},
  publisher={Taylor and Francis}
}

@article{schneeweiss2000use,
  title={Use of comorbidity scores for control of confounding in studies using administrative databases},
  author={Schneeweiss, Sebastian and Maclure, Malcolm},
  journal={International journal of epidemiology},
  volume={29},
  number={5},
  pages={891--898},
  year={2000},
  publisher={Oxford University Press}
}

@article{hernan2008does,
  title={Does obesity shorten life? The importance of well-defined interventions to answer causal questions},
  author={Hern{\'a}n, Miguel A and Taubman, Sarah L},
  journal={International journal of obesity},
  volume={32},
  number={3},
  pages={S8--S14},
  year={2008},
  publisher={Nature Publishing Group}
}

@article{vanderweele2019principles,
  title={Principles of confounder selection},
  author={VanderWeele, Tyler J},
  journal={European journal of epidemiology},
  volume={34},
  pages={211--219},
  year={2019},
  publisher={Springer}
}

@article{lix2013predictive,
  title={Predictive performance of comorbidity measures in administrative databases for diabetes cohorts},
  author={Lix, Lisa M and Quail, Jacqueline and Fadahunsi, Opeyemi and Teare, Gary F},
  journal={BMC Health Services Research},
  volume={13},
  pages={1--12},
  year={2013},
  publisher={Springer}
}

@article{lix2011performance,
  title={Performance of comorbidity measures for predicting outcomes in population-based osteoporosis cohorts},
  author={Lix, LM and Quail, J and Teare, G and Acan, B},
  journal={Osteoporosis international},
  volume={22},
  pages={2633--2643},
  year={2011},
  publisher={Springer}
}

@article{greenland1999causal,
  title={Causal diagrams for epidemiologic research},
  author={Greenland, Sander and Pearl, Judea and Robins, James M},
  journal={Epidemiology},
  pages={37--48},
  year={1999},
  publisher={JSTOR}
}

@article{nhanes,
  title={National Health and Nutrition Examination Survey (NHANES)},
  author={Centers for Disease Control and Prevention},
  journal={National Center for Health Statistics},
  year={2021},
  howpublished = {\url{https://www.cdc.gov/nchs/nhanes/index.htm}},
  note = {Accessed: April 20, 2023}
}

@article{li2013propensity,
  title={Propensity score weighting with multilevel data},
  author={Li, Fan and Zaslavsky, Alan M and Landrum, Mary Beth},
  journal={Statistics in medicine},
  volume={32},
  number={19},
  pages={3373--3387},
  year={2013},
  publisher={Wiley Online Library}
}

@article{dugoff2014generalizing,
  title={Generalizing observational study results: applying propensity score methods to complex surveys},
  author={DuGoff, Eva H and Schuler, Megan and Stuart, Elizabeth A},
  journal={Health services research},
  volume={49},
  number={1},
  pages={284--303},
  year={2014},
  publisher={Wiley Online Library}
}

@article{austin2018propensity,
  title={Propensity score matching and complex surveys},
  author={Austin, Peter C and Jembere, Nathaniel and Chiu, Maria},
  journal={Statistical methods in medical research},
  volume={27},
  number={4},
  pages={1240--1257},
  year={2018},
  publisher={SAGE Publications Sage UK: London, England}
}

@article{zeng2021propensity,
  title={Propensity score weighting for covariate adjustment in randomized clinical trials},
  author={Zeng, Shuxi and Li, Fan and Wang, Rui and Li, Fan},
  journal={Statistics in medicine},
  volume={40},
  number={4},
  pages={842--858},
  year={2021},
  publisher={Wiley Online Library}
}

@article{dong2020subgroup,
  title={Subgroup balancing propensity score},
  author={Dong, Jing and Zhang, Junni L and Zeng, Shuxi and Li, Fan},
  journal={Statistical methods in medical research},
  volume={29},
  number={3},
  pages={659--676},
  year={2020},
  publisher={SAGE Publications Sage UK: London, England}
}