@article{franklin2014plasmode,
  title={Plasmode simulation for the evaluation of pharmacoepidemiologic methods in complex healthcare databases},
  author={Franklin, Jessica M and Schneeweiss, Sebastian and Polinski, Jennifer M and Rassen, Jeremy A},
  journal={Computational statistics \& data analysis},
  volume={72},
  pages={219--226},
  year={2014},
  publisher={Elsevier}
}

@article{westreich2011role,
  title={The role of the c-statistic in variable selection for propensity score models},
  author={Westreich, Daniel and Cole, Stephen R and Funk, Michele Jonsson and Brookhart, M Alan and St{\"u}rmer, Til},
  journal={Pharmacoepidemiology and drug safety},
  volume={20},
  number={3},
  pages={317--320},
  year={2011},
  publisher={Wiley Online Library}
}

@article{firth1993bias,
  title={Bias reduction of maximum likelihood estimates},
  author={Firth, David},
  journal={Biometrika},
  volume={80},
  number={1},
  pages={27--38},
  year={1993},
  publisher={Oxford University Press}
}

@article{rubin1996matching,
  title={Matching using estimated propensity scores: relating theory to practice},
  author={Rubin, Donald B and Thomas, Neal},
  journal={Biometrics},
  pages={249--264},
  year={1996},
  publisher={JSTOR}
}

@article{rubin1997estimating,
  title={Estimating causal effects from large data sets using propensity scores},
  author={Rubin, Donald B},
  journal={Annals of internal medicine},
  volume={127},
  number={8\_Part\_2},
  pages={757--763},
  year={1997},
  publisher={American College of Physicians}
}

@article{brookhart2006variable,
  title={Variable selection for propensity score models},
  author={Brookhart, M Alan and Schneeweiss, Sebastian and Rothman, Kenneth J and Glynn, Robert J and Avorn, Jerry and St{\"u}rmer, Til},
  journal={American journal of epidemiology},
  volume={163},
  number={12},
  pages={1149--1156},
  year={2006},
  publisher={Oxford University Press}
}

@article{austin2015moving,
  title={Moving towards best practice when using inverse probability of treatment weighting (IPTW) using the propensity score to estimate causal treatment effects in observational studies},
  author={Austin, Peter C and Stuart, Elizabeth A},
  journal={Statistics in medicine},
  volume={34},
  number={28},
  pages={3661--3679},
  year={2015},
  publisher={Wiley Online Library}
}


@article{benasseur2022comparison,
  title={A comparison of confounder selection and adjustment methods for estimating causal effects using large healthcare databases},
  author={Benasseur, Imane and Talbot, Denis and Durand, Madeleine and Holbrook, Anne and Matteau, Alexis and Potter, Brian J and Renoux, Christel and Schnitzer, Mireille E and Tarride, Jean-{\'E}ric and Guertin, Jason R},
  journal={Pharmacoepidemiology and Drug Safety},
  volume={31},
  number={4},
  pages={424--433},
  year={2022},
  publisher={Wiley Online Library}
}

@article{tian2018evaluating,
  title={Evaluating large-scale propensity score performance through real-world and synthetic data experiments},
  author={Tian, Yuxi and Schuemie, Martijn J and Suchard, Marc A},
  journal={International journal of epidemiology},
  volume={47},
  number={6},
  pages={2005--2014},
  year={2018},
  publisher={Oxford University Press}
}

@article{franklin2015regularized,
  title={Regularized regression versus the high-dimensional propensity score for confounding adjustment in secondary database analyses},
  author={Franklin, Jessica M and Eddings, Wesley and Glynn, Robert J and Schneeweiss, Sebastian},
  journal={American journal of epidemiology},
  volume={182},
  number={7},
  pages={651--659},
  year={2015},
  publisher={Oxford University Press}
}

@article{pang2016targeted,
  title={Targeted maximum likelihood estimation for pharmacoepidemiologic research},
  author={Pang, Menglan and Schuster, Tibor and Filion, Kristian B and Eberg, Maria and Platt, Robert W},
  journal={Epidemiology (Cambridge, Mass.)},
  volume={27},
  number={4},
  pages={570},
  year={2016},
  publisher={Wolters Kluwer Health}
}

@article{pang2016effect,
  title={Effect estimation in point-exposure studies with binary outcomes and high-dimensional covariate data--a comparison of targeted maximum likelihood estimation and inverse probability of treatment weighting},
  author={Pang, Menglan and Schuster, Tibor and Filion, Kristian B and Schnitzer, Mireille E and Eberg, Maria and Platt, Robert W},
  journal={The international journal of biostatistics},
  volume={12},
  number={2},
  year={2016},
  publisher={De Gruyter}
}

@article{ju2019propensity,
  title={Propensity score prediction for electronic healthcare databases using super learner and high-dimensional propensity score methods},
  author={Ju, Cheng and Combs, Mary and Lendle, Samuel D and Franklin, Jessica M and Wyss, Richard and Schneeweiss, Sebastian and van der Laan, Mark J},
  journal={Journal of Applied Statistics},
  volume={46},
  number={12},
  pages={2216--2236},
  year={2019},
  publisher={Taylor \& Francis}
}

@article{ju2019scalable,
  title={Scalable collaborative targeted learning for high-dimensional data},
  author={Ju, Cheng and Gruber, Susan and Lendle, Samuel D and Chambaz, Antoine and Franklin, Jessica M and Wyss, Richard and Schneeweiss, Sebastian and van Der Laan, Mark J},
  journal={Statistical methods in medical research},
  volume={28},
  number={2},
  pages={532--554},
  year={2019},
  publisher={SAGE Publications Sage UK: London, England}
}

@article{neugebauer2015high,
  title={High-dimensional propensity score algorithm in comparative effectiveness research with time-varying interventions},
  author={Neugebauer, Romain and Schmittdiel, Julie A and Zhu, Zheng and Rassen, Jeremy A and Seeger, John D and Schneeweiss, Sebastian},
  journal={Statistics in medicine},
  volume={34},
  number={5},
  pages={753--781},
  year={2015},
  publisher={Wiley Online Library}
}

@article{hdps23,
  title={Rethinking Residual Confounding Bias Reduction: Why Vanilla hdPS Alone is No Longer Enough.},
  author={Karim, ME},
  year={2023},
  DOI={10.5281/zenodo.7877767},
  note={URL: https://ehsanx.github.io/hdPS/}
}

@article{platt2019comparison,
  title={Comparison of fingolimod, dimethyl fumarate and teriflunomide for multiple sclerosis: when methodology does not hold the promise},
  author={Platt, Robert W and Karim, Mohammad Ehsanul and Debray, Thomas PA and Copetti, Massimiliano and Tsivgoulis, Georgios and Waubant, Emmanuelle and Hartung, Hans-Peter},
  journal={Journal of Neurology, Neurosurgery, and Psychiatry},
  volume={90},
  number={4},
  pages={458.responses},
  year={2019},
  url={https://jnnp.bmj.com/content/90/4/458.responses}
}


@article{ho2007matching,
  title={Matching as nonparametric preprocessing for reducing model dependence in parametric causal inference},
  author={Ho, Daniel E and Imai, Kosuke and King, Gary and Stuart, Elizabeth A},
  journal={Political analysis},
  volume={15},
  number={3},
  pages={199--236},
  year={2007},
  publisher={Cambridge University Press}
}

@article{judkins2007variable,
  title={Variable selection and raking in propensity scoring},
  author={Judkins, David R and Morganstein, David and Zador, Paul and Piesse, Andrea and Barrett, Brandon and Mukhopadhyay, Pushpal},
  journal={Statistics in medicine},
  volume={26},
  number={5},
  pages={1022--1033},
  year={2007},
  publisher={Wiley Online Library}
}

@article{schuster2016propensity,
  title={Propensity score model overfitting led to inflated variance of estimated odds ratios},
  author={Schuster, Tibor and Lowe, Wilfrid Kouokam and Platt, Robert W},
  journal={Journal of clinical epidemiology},
  volume={80},
  pages={97--106},
  year={2016},
  publisher={Elsevier}
}

@article{tazare2022transparency,
  title={Transparency of high-dimensional propensity score analyses: guidance for diagnostics and reporting},
  author={Tazare, John and Wyss, Richard and Franklin, Jessica M and Smeeth, Liam and Evans, Stephen JW and Wang, Shirley V and Schneeweiss, Sebastian and Douglas, Ian J and Gagne, Joshua J and Williamson, Elizabeth J},
  journal={Pharmacoepidemiology and Drug Safety},
  volume={31},
  number={4},
  pages={411--423},
  year={2022},
  publisher={Wiley Online Library}
}

@article{rassen2023high,
  title={High-dimensional propensity scores for empirical covariate selection in secondary database studies: Planning, implementation, and reporting},
  author={Rassen, Jeremy A and Blin, Patrick and Kloss, Sebastian and Neugebauer, Romain S and Platt, Robert W and Potteg{\aa}rd, Anton and Schneeweiss, Sebastian and Toh, Sengwee},
  journal={Pharmacoepidemiology and Drug Safety},
  volume={32},
  number={2},
  pages={93--106},
  year={2023},
  publisher={Wiley Online Library}
}

@article{wyss2018using,
  title={Using super learner prediction modeling to improve high-dimensional propensity score estimation},
  author={Wyss, Richard and Schneeweiss, Sebastian and Van Der Laan, Mark and Lendle, Samuel D and Ju, Cheng and Franklin, Jessica M},
  journal={Epidemiology},
  volume={29},
  number={1},
  pages={96--106},
  year={2018},
  publisher={Wolters Kluwer}
}

@article{zivich2021machine,
  title={Machine learning for causal inference: on the use of cross-fit estimators},
  author={Zivich, Paul N and Breskin, Alexander},
  journal={Epidemiology (Cambridge, Mass.)},
  volume={32},
  number={3},
  pages={393},
  year={2021},
  publisher={NIH Public Access}
}

@article{balzer2021demystifying,
  title={Demystifying statistical inference when using machine learning in causal research},
  author={Balzer, Laura B and Westling, Ted},
  journal={American Journal of Epidemiology},
  year={2021},
  doi ={10.1093/aje/kwab200}
}

@article{naimi2017challenges,
  title={Challenges in obtaining valid causal effect estimates with machine learning algorithms},
  author={Naimi, Ashley I and Mishler, Alan E and Kennedy, Edward H},
  journal={American Journal of Epidemiology},
  year={2021},
  doi={10.1093/aje/kwab201}
}

@article{Phillips2021,
  title={Practical considerations for specifying a super learner},
  author={Phillips, Rachael V and van der Laan, Mark J and Lee, Hana and Gruber, Susan},
  journal={International Journal of Epidemiology},
  year={2023},
  doi={10.1093/ije/dyad023}
}



@article{wyss2022machine,
  title={Machine learning for improving high-dimensional proxy confounder adjustment in healthcare database studies: An overview of the current literature},
  author={Wyss, Richard and Yanover, Chen and El-Hay, Tal and Bennett, Dimitri and Platt, Robert W and Zullo, Andrew R and Sari, Grammati and Wen, Xuerong and Ye, Yizhou and Yuan, Hongbo and others},
  journal={Pharmacoepidemiology and Drug Safety},
  volume={31},
  number={9},
  pages={932--943},
  year={2022},
  publisher={Wiley Online Library}
}

@article{karim2018can,
  title={Can we train machine learning methods to outperform the high-dimensional propensity score algorithm?},
  author={Karim, Mohammad Ehsanul and Pang, Menglan and Platt, Robert W},
  journal={Epidemiology},
  volume={29},
  number={2},
  pages={191--198},
  year={2018},
  publisher={Wolters Kluwer}
}

@article{klein2022does,
  title={Why does obesity cause diabetes?},
  author={Klein, Samuel and Gastaldelli, Amalia and Yki-J{\"a}rvinen, Hannele and Scherer, Philipp E},
  journal={Cell metabolism},
  volume={34},
  number={1},
  pages={11--20},
  year={2022},
  publisher={Elsevier}
}

@article{von1992chronic,
  title={A chronic disease score from automated pharmacy data},
  author={Von Korff, Michael and Wagner, Edward H and Saunders, Kathleen},
  journal={Journal of clinical epidemiology},
  volume={45},
  number={2},
  pages={197--203},
  year={1992},
  publisher={Elsevier}
}

@article{elixhauser1998comorbidity,
  title={Comorbidity measures for use with administrative data},
  author={Elixhauser, Anne and Steiner, Claudia and Harris, D Robert and Coffey, Rosanna M},
  journal={Medical care},
  pages={8--27},
  year={1998},
  publisher={JSTOR}
}

@article{charlson1987new,
  title={A new method of classifying prognostic comorbidity in longitudinal studies: development and validation},
  author={Charlson, Mary E and Pompei, Peter and Ales, Kathy L and MacKenzie, C Ronald},
  journal={Journal of chronic diseases},
  volume={40},
  number={5},
  pages={373--383},
  year={1987},
  publisher={Elsevier}
}


@article{choi2001risk,
  title={Risk factors for diabetes mellitus by age and sex: results of the National Population Health Survey},
  author={Choi, BCK and Shi, F},
  journal={Diabetologia},
  volume={44},
  pages={1221--1231},
  year={2001},
  publisher={Springer}
}

@article{schneeweiss2009high,
  title={High-dimensional propensity score adjustment in studies of treatment effects using health care claims data},
  author={Schneeweiss, Sebastian and Rassen, Jeremy A and Glynn, Robert J and Avorn, Jerry and Mogun, Helen and Brookhart, M Alan},
  journal={Epidemiology (Cambridge, Mass.)},
  volume={20},
  number={4},
  pages={512},
  year={2009},
  publisher={NIH Public Access}
}

@article{schneeweiss2006sensitivity,
  title={Sensitivity analysis and external adjustment for unmeasured confounders in epidemiologic database studies of therapeutics},
  author={Schneeweiss, Sebastian},
  journal={Pharmacoepidemiology and drug safety},
  volume={15},
  number={5},
  pages={291--303},
  year={2006},
  publisher={Wiley Online Library}
}

@article{stuart2013prognostic,
  title={Prognostic score--based balance measures can be a useful diagnostic for propensity score methods in comparative effectiveness research},
  author={Stuart, Elizabeth A and Lee, Brian K and Leacy, Finbarr P},
  journal={Journal of clinical epidemiology},
  volume={66},
  number={8},
  pages={S84--S90},
  year={2013},
  publisher={Elsevier}
}

@article{bross1966spurious,
  title={Spurious effects from an extraneous variable},
  author={Bross, Irwin DJ},
  journal={Journal of chronic diseases},
  volume={19},
  number={6},
  pages={637--647},
  year={1966},
  publisher={Elsevier}
}

@Manual{autoCovariateSelection,
  title = {autoCovariateSelection: Automatic Covariate Selection},
  author = {Robert, Dennis},
  year = {2020},
  note = {R package version 1.0.0},
  url = {https://CRAN.R-project.org/package=autoCovariateSelection},
}


@article{schuster2015role,
  title={On the role of marginal confounder prevalence--implications for the high-dimensional propensity score algorithm},
  author={Schuster, Tibor and Pang, Menglan and Platt, Robert W},
  journal={Pharmacoepidemiology and drug safety},
  volume={24},
  number={9},
  pages={1004--1007},
  year={2015},
  publisher={Wiley Online Library}
}

@article{connolly2019quantifying,
  title={Quantifying bias reduction with fixed-duration versus all-available covariate assessment periods},
  author={Connolly, John G and Schneeweiss, Sebastian and Glynn, Robert J and Gagne, Joshua J},
  journal={Pharmacoepidemiology and drug safety},
  volume={28},
  number={5},
  pages={665--670},
  year={2019},
  publisher={Wiley Online Library}
}

@article{low2016comparing,
  title={Comparing high-dimensional confounder control methods for rapid cohort studies from electronic health records},
  author={Low, Yen Sia and Gallego, Blanca and Shah, Nigam Haresh},
  journal={Journal of comparative effectiveness research},
  volume={5},
  number={2},
  pages={179--192},
  year={2016},
  publisher={Future Medicine}
}

@article{weberpals2021deep,
  title={Deep learning-based propensity scores for confounding control in comparative effectiveness research: A large-scale, real-world data study},
  author={Weberpals, Janick and Becker, Tim and Davies, Jessica and Schmich, Fabian and R{\"u}ttinger, Dominik and Theis, Fabian J and Bauer-Mehren, Anna},
  journal={Epidemiology},
  volume={32},
  number={3},
  pages={378--388},
  year={2021},
  publisher={LWW}
}

@article{naimi2020estimating,
  title={Estimating risk ratios and risk differences using regression},
  author={Naimi, Ashley I and Whitcomb, Brian W},
  journal={American journal of epidemiology},
  volume={189},
  number={6},
  pages={508--510},
  year={2020},
  publisher={Oxford University Press}
}

@article{simoneau2022recommendations,
  title={Recommendations for the use of propensity score methods in multiple sclerosis research},
  author={Simoneau, Gabrielle and Pellegrini, Fabio and Debray, Thomas PA and Rouette, Julie and Mu{\~n}oz, Johanna and Platt, Robert W and Petkau, John and Bohn, Justin and Shen, Changyu and de Moor, Carl and others},
  journal={Multiple Sclerosis Journal},
  volume={28},
  number={9},
  pages={1467--1480},
  year={2022},
  publisher={SAGE Publications Sage UK: London, England}
}

@article{karim2022use,
  title={The use and quality of reporting of propensity score methods in multiple sclerosis literature: A review},
  author={Karim, Mohammad Ehsanul and Pellegrini, Fabio and Platt, Robert W and Simoneau, Gabrielle and Rouette, Julie and de Moor, Carl},
  journal={Multiple Sclerosis Journal},
  volume={28},
  number={9},
  pages={1317--1323},
  year={2022},
  publisher={SAGE Publications Sage UK: London, England}
}

@article{schneeweiss2017variable,
  title={Variable selection for confounding adjustment in high-dimensional covariate spaces when analyzing healthcare databases},
  author={Schneeweiss, Sebastian and Eddings, Wesley and Glynn, Robert J and Patorno, Elisabetta and Rassen, Jeremy and Franklin, Jessica M},
  journal={Epidemiology},
  volume={28},
  number={2},
  pages={237--248},
  year={2017},
  publisher={Wolters Kluwer}
}

@article{schneeweiss2018automated,
  title={Automated data-adaptive analytics for electronic healthcare data to study causal treatment effects},
  author={Schneeweiss, Sebastian},
  journal={Clinical epidemiology},
  pages={771--788},
  year={2018},
  publisher={Taylor \& Francis}
}

@article{schneeweiss2000use,
  title={Use of comorbidity scores for control of confounding in studies using administrative databases},
  author={Schneeweiss, Sebastian and Maclure, Malcolm},
  journal={International journal of epidemiology},
  volume={29},
  number={5},
  pages={891--898},
  year={2000},
  publisher={Oxford University Press}
}

@article{hernan2008does,
  title={Does obesity shorten life? The importance of well-defined interventions to answer causal questions},
  author={Hern{\'a}n, Miguel A and Taubman, Sarah L},
  journal={International journal of obesity},
  volume={32},
  number={3},
  pages={S8--S14},
  year={2008},
  publisher={Nature Publishing Group}
}

@article{vanderweele2019principles,
  title={Principles of confounder selection},
  author={VanderWeele, Tyler J},
  journal={European journal of epidemiology},
  volume={34},
  pages={211--219},
  year={2019},
  publisher={Springer}
}

@article{lix2013predictive,
  title={Predictive performance of comorbidity measures in administrative databases for diabetes cohorts},
  author={Lix, Lisa M and Quail, Jacqueline and Fadahunsi, Opeyemi and Teare, Gary F},
  journal={BMC Health Services Research},
  volume={13},
  pages={1--12},
  year={2013},
  publisher={Springer}
}

@article{lix2011performance,
  title={Performance of comorbidity measures for predicting outcomes in population-based osteoporosis cohorts},
  author={Lix, LM and Quail, J and Teare, G and Acan, B},
  journal={Osteoporosis international},
  volume={22},
  pages={2633--2643},
  year={2011},
  publisher={Springer}
}

@article{greenland1999causal,
  title={Causal diagrams for epidemiologic research},
  author={Greenland, Sander and Pearl, Judea and Robins, James M},
  journal={Epidemiology},
  pages={37--48},
  year={1999},
  publisher={JSTOR}
}

@article{nhanes,
  title={National Health and Nutrition Examination Survey (NHANES)},
  author={Centers for Disease Control and Prevention},
  journal={National Center for Health Statistics},
  year={2021},
  howpublished = {\url{https://www.cdc.gov/nchs/nhanes/index.htm}},
  note = {Accessed: April 20, 2023}
}


@article{li2013propensity,
  title={Propensity score weighting with multilevel data},
  author={Li, Fan and Zaslavsky, Alan M and Landrum, Mary Beth},
  journal={Statistics in medicine},
  volume={32},
  number={19},
  pages={3373--3387},
  year={2013},
  publisher={Wiley Online Library}
}

@article{dugoff2014generalizing,
  title={Generalizing observational study results: applying propensity score methods to complex surveys},
  author={DuGoff, Eva H and Schuler, Megan and Stuart, Elizabeth A},
  journal={Health services research},
  volume={49},
  number={1},
  pages={284--303},
  year={2014},
  publisher={Wiley Online Library}
}

@article{austin2018propensity,
  title={Propensity score matching and complex surveys},
  author={Austin, Peter C and Jembere, Nathaniel and Chiu, Maria},
  journal={Statistical methods in medical research},
  volume={27},
  number={4},
  pages={1240--1257},
  year={2018},
  publisher={SAGE Publications Sage UK: London, England}
}

@article{zeng2021propensity,
  title={Propensity score weighting for covariate adjustment in randomized clinical trials},
  author={Zeng, Shuxi and Li, Fan and Wang, Rui and Li, Fan},
  journal={Statistics in medicine},
  volume={40},
  number={4},
  pages={842--858},
  year={2021},
  publisher={Wiley Online Library}
}

@article{dong2020subgroup,
  title={Subgroup balancing propensity score},
  author={Dong, Jing and Zhang, Junni L and Zeng, Shuxi and Li, Fan},
  journal={Statistical methods in medical research},
  volume={29},
  number={3},
  pages={659--676},
  year={2020},
  publisher={SAGE Publications Sage UK: London, England}
}