@article{weberpals2021deep,
  title={Deep Learning-based Propensity Scores for Confounding Control in Comparative Effectiveness Research: A Large-scale, Real-world Data Study},
  author={Weberpals, Janick and Becker, Tim and Davies, Jessica and Schmich, Fabian and R{\"u}ttinger, Dominik and Theis, Fabian J and Bauer-Mehren, Anna},
  journal={Epidemiology},
  volume={32},
  number={3},
  pages={378--388},
  year={2021},
  publisher={LWW}
}

@article{hajage2016use,
  title={On the use of propensity scores in case of rare exposure},
  author={Hajage, David and Tubach, Florence and Steg, Philippe Gabriel and Bhatt, Deepak L and De Rycke, Yann},
  journal={BMC medical research methodology},
  volume={16},
  pages={1--16},
  year={2016},
  publisher={Springer}
}

@article{son2023improved,
  title={Improved patient mortality predictions in emergency departments with deep learning data-synthesis and ensemble models},
  author={Son, Byounghoon and Myung, Jinwoo and Shin, Younghwan and Kim, Sangdo and Kim, Sung Hyun and Chung, Jong-Moon and Noh, Jiyoung and Cho, Junho and Chung, Hyun Soo},
  journal={Scientific Reports},
  volume={13},
  number={1},
  pages={15031},
  year={2023},
  publisher={Nature Publishing Group UK London}
}

@article{lu2021deep,
  title={Deep learning for the prediction of early on-treatment response in metastatic colorectal cancer from serial medical imaging},
  author={Lu, Lin and Dercle, Laurent and Zhao, Binsheng and Schwartz, Lawrence H},
  journal={Nature communications},
  volume={12},
  number={1},
  pages={6654},
  year={2021},
  publisher={Nature Publishing Group UK London}
}

@article{king2019propensity,
  title={Why propensity scores should not be used for matching},
  author={King, Gary and Nielsen, Richard},
  journal={Political analysis},
  volume={27},
  number={4},
  pages={435--454},
  year={2019},
  publisher={Cambridge University Press}
}

@article{stuart2013prognostic,
  title={Prognostic score--based balance measures can be a useful diagnostic for propensity score methods in comparative effectiveness research},
  author={Stuart, Elizabeth A and Lee, Brian K and Leacy, Finbarr P},
  journal={Journal of clinical epidemiology},
  volume={66},
  number={8},
  pages={S84--S90},
  year={2013},
  publisher={Elsevier}
}

@article{phillips2023practical,
  title={Practical considerations for specifying a super learner},
  author={Phillips, Rachael V and van der Laan, Mark J and Lee, Hana and Gruber, Susan},
  journal={International Journal of Epidemiology},
  volume={52},
  number={4},
  pages={1276--1285},
  year={2023},
  publisher={Oxford University Press}
}

@article{schuler2017targeted,
  title={Targeted maximum likelihood estimation for causal inference in observational studies},
  author={Schuler, Megan S and Rose, Sherri},
  journal={American journal of epidemiology},
  volume={185},
  number={1},
  pages={65--73},
  year={2017},
  publisher={Oxford University Press}
}

@article{frank2024implementing,
  title={Implementing TMLE in the presence of a continuous outcome},
  author={Frank, Hanna A and Karim, Mohammad Ehsanul},
  journal={Research Methods in Medicine \& Health Sciences},
  volume={5},
  number={1},
  pages={8--19},
  year={2024},
  publisher={SAGE Publications Sage UK: London, England}
}

@article{ahmed2008propensity,
  title={A propensity-matched study of the effects of chronic diuretic therapy on mortality and hospitalization in older adults with heart failure},
  author={Ahmed, Ali and Young, James B and Love, Thomas E and Levesque, Raynald and Pitt, Betram},
  journal={International journal of cardiology},
  volume={125},
  number={2},
  pages={246--253},
  year={2008},
  publisher={Elsevier}
}

@article{mcconnell2019estimating,
  title={Estimating treatment effects with machine learning},
  author={McConnell, K John and Lindner, Stephan},
  journal={Health services research},
  volume={54},
  number={6},
  pages={1273--1282},
  year={2019},
  publisher={Wiley Online Library}
}

@article{austin2011optimal,
  title={Optimal caliper widths for propensity-score matching when estimating differences in means and differences in proportions in observational studies},
  author={Austin, Peter C},
  journal={Pharmaceutical statistics},
  volume={10},
  number={2},
  pages={150--161},
  year={2011},
  publisher={Wiley Online Library}
}

@article{friedman1991multivariate,
  title={Multivariate adaptive regression splines},
  author={Friedman, Jerome H},
  journal={The annals of statistics},
  volume={19},
  number={1},
  pages={1--67},
  year={1991},
  publisher={Institute of Mathematical Statistics}
}

@Manual{earth,
    title = {earth: Multivariate Adaptive Regression Splines},
    author = {Stephen Milborrow.},
    year = {2023},
    note = {R package version 5.3.2},
    url = {https://CRAN.R-project.org/package=earth},
  }
  
@article{austin2014comparison,
  title={A comparison of 12 algorithms for matching on the propensity score},
  author={Austin, Peter C},
  journal={Statistics in medicine},
  volume={33},
  number={6},
  pages={1057--1069},
  year={2014},
  publisher={Wiley Online Library}
}  

@article{karim2022use,
  title={The use and quality of reporting of propensity score methods in multiple sclerosis literature: A review},
  author={Karim, Mohammad Ehsanul and Pellegrini, Fabio and Platt, Robert W and Simoneau, Gabrielle and Rouette, Julie and de Moor, Carl},
  journal={Multiple Sclerosis Journal},
  volume={28},
  number={9},
  pages={1317--1323},
  year={2022},
  publisher={SAGE Publications Sage UK: London, England}
}

@article{schuster2016propensity,
  title={Propensity score model overfitting led to inflated variance of estimated odds ratios},
  author={Schuster, Tibor and Lowe, Wilfrid Kouokam and Platt, Robert W},
  journal={Journal of clinical epidemiology},
  volume={80},
  pages={97--106},
  year={2016},
  publisher={Elsevier}
}

@article{simoneau2022recommendations,
  title={Recommendations for the use of propensity score methods in multiple sclerosis research},
  author={Simoneau, Gabrielle and Pellegrini, Fabio and Debray, Thomas PA and Rouette, Julie and Mu{\~n}oz, Johanna and Platt, Robert W and Petkau, John and Bohn, Justin and Shen, Changyu and de Moor, Carl and others},
  journal={Multiple Sclerosis Journal},
  volume={28},
  number={9},
  pages={1467--1480},
  year={2022},
  publisher={SAGE Publications Sage UK: London, England}
}

@article{kang2007demystifying,
  title={Demystifying Double Robustness: A Comparison of Alternative Strategies for Estimating a Population Mean from Incomplete Data},
  author={Kang, Joseph DY and Schafer, Joseph L},
  journal={Statistical Science},
  volume={22},
  number={4},
  pages={523--539},
  year={2007}
}

@article{pirracchio2015improving,
  title={Improving propensity score estimators' robustness to model misspecification using super learner},
  author={Pirracchio, Romain and Petersen, Maya L and Van Der Laan, Mark},
  journal={American journal of epidemiology},
  volume={181},
  number={2},
  pages={108--119},
  year={2015},
  publisher={Oxford University Press}
}

@article{vansteelandt2012model,
  title={On model selection and model misspecification in causal inference},
  author={Vansteelandt, Stijn and Bekaert, Maarten and Claeskens, Gerda},
  journal={Statistical methods in medical research},
  volume={21},
  number={1},
  pages={7--30},
  year={2012},
  publisher={Sage Publications Sage UK: London, England}
}

@article{franklin2014metrics,
  title={Metrics for covariate balance in cohort studies of causal effects},
  author={Franklin, Jessica M and Rassen, Jeremy A and Ackermann, Diana and Bartels, Dorothee B and Schneeweiss, Sebastian},
  journal={Statistics in medicine},
  volume={33},
  number={10},
  pages={1685--1699},
  year={2014},
  publisher={Wiley Online Library}
}


@article{white2023check,
  title={How to check a simulation study},
  author={White, Ian R and Pham, Tra My and Quartagno, Matteo and Morris, Tim P},
  journal={International Journal of Epidemiology},
  pages={dyad134},
  year={2023},
  publisher={Oxford University Press}
}

@article{morris2019using,
  title={Using simulation studies to evaluate statistical methods},
  author={Morris, Tim P and White, Ian R and Crowther, Michael J},
  journal={Statistics in medicine},
  volume={38},
  number={11},
  pages={2074--2102},
  year={2019},
  publisher={Wiley Online Library}
}

@article{naimi2017challenges,
  title={Challenges in Obtaining Valid Causal Effect Estimates with Machine Learning Algorithms},
  author={Naimi, Ashley I and Mishler, Alan E and Kennedy, Edward H},
  journal={arXiv preprint arXiv:1711.07137},
  year={2017}
}

@article{zivich2021machine,
  title={Machine learning for causal inference: on the use of cross-fit estimators},
  author={Zivich, Paul N and Breskin, Alexander},
  journal={Epidemiology},
  volume={32},
  number={3},
  pages={393--401},
  year={2021},
  publisher={LWW}
}

@article{alam2019should,
  title={Should a propensity score model be super? the utility of ensemble procedures for causal adjustment},
  author={Alam, Shomoita and Moodie, Erica EM and Stephens, David A},
  journal={Statistics in medicine},
  volume={38},
  number={9},
  pages={1690--1702},
  year={2019},
  publisher={Wiley Online Library}
}

@article{karim2018can,
  title={Can we train machine learning methods to outperform the high-dimensional propensity score algorithm?},
  author={Karim, Mohammad Ehsanul and Pang, Menglan and Platt, Robert W},
  journal={Epidemiology},
  volume={29},
  number={2},
  pages={191--198},
  year={2018},
  publisher={Wolters Kluwer}
}

@article{franklin2014plasmode,
  title={Plasmode simulation for the evaluation of pharmacoepidemiologic methods in complex healthcare databases},
  author={Franklin, Jessica M and Schneeweiss, Sebastian and Polinski, Jennifer M and Rassen, Jeremy A},
  journal={Computational statistics \& data analysis},
  volume={72},
  pages={219--226},
  year={2014},
  publisher={Elsevier}
}

@article{ghosh2021propensity,
  title={Propensity score synthetic augmentation matching using generative adversarial networks (PSSAM-GAN)},
  author={Ghosh, Shantanu and Boucher, Christina and Bian, Jiang and Prosperi, Mattia},
  journal={Computer methods and programs in biomedicine update},
  volume={1},
  pages={100020},
  year={2021},
  publisher={Elsevier}
}

@article{guzman2022deep,
  title={Deep Neural Networks for Propensity Score Estimation},
  author={Guzman-Alvarez, Alberto and Qin, Xu and Scott, Paul W},
  journal={Multivariate Behavioral Research},
  volume={57},
  number={1},
  pages={164--165},
  year={2022},
  publisher={Taylor \& Francis}
}

@article{chen2023covariate,
  title={Covariate-balancing-aware interpretable deep learning models for treatment effect estimation},
  author={Chen, Kan and Yin, Qishuo and Long, Qi},
  journal={Statistics in Biosciences},
  pages={1--19},
  year={2023},
  publisher={Springer}
}

@article{mohajer2022thigh,
  title={{Thigh muscle changes can worsen subsequent knee oa clinical outcomes: use of deep learning and propensity-score matching on OAI data}},
  author={Mohajer, B and Dolatashahi, M and Moradi, K and Najafzadeh, N and Enj, J and Zikria, B and Wan, M and Cao, X and Roemer, FW and Guermazi, A and others},
  journal={Osteoarthritis Imaging},
  volume={2},
  pages={100048},
  year={2022},
  publisher={Elsevier}
}

@article{monlezun2022artificial,
  title={Artificial intelligence-augmented propensity score, cost effectiveness and computational ethical analysis of cardiac arrest and active cancer with novel mortality predictive score},
  author={Monlezun, Dominique J and Sinyavskiy, Oleg and Peters, Nathaniel and Steigner, Lorraine and Aksamit, Timothy and Girault, Maria Ines and Garcia, Alberto and Gallagher, Colleen and Iliescu, Cezar},
  journal={Medicina},
  volume={58},
  number={8},
  pages={1039},
  year={2022},
  publisher={MDPI}
}

@article{shi2019adapting,
  title={Adapting neural networks for the estimation of treatment effects},
  author={Shi, Claudia and Blei, David and Veitch, Victor},
  journal={Advances in neural information processing systems},
  volume={32},
  year={2019}
}

@article{collier2022explained,
  title={Explained: Artificial Intelligence for Propensity Score Estimation in Multilevel Educational Settings.},
  author={Collier, Zachary K and Zhang, Haobai and Liu, Liu},
  journal={Practical Assessment, Research \& Evaluation},
  volume={27},
  pages={3},
  year={2022},
  publisher={ERIC}
}

@article{nguyen2017double,
  title={Double-adjustment in propensity score matching analysis: choosing a threshold for considering residual imbalance},
  author={Nguyen, Tri-Long and Collins, Gary S and Spence, Jessica and Daur{\`e}s, Jean-Pierre and Devereaux, PJ and Landais, Paul and Le Manach, Yannick},
  journal={BMC medical research methodology},
  volume={17},
  pages={1--8},
  year={2017},
  publisher={Springer}
}

@article{austin2017double,
  title={Double propensity-score adjustment: a solution to design bias or bias due to incomplete matching},
  author={Austin, Peter C},
  journal={Statistical methods in medical research},
  volume={26},
  number={1},
  pages={201--222},
  year={2017},
  publisher={SAGE Publications Sage UK: London, England}
}

@article{whata2022evaluating,
  title={Evaluating uses of deep learning methods for causal inference},
  author={Whata, Albert and Chimedza, Charles},
  journal={IEEE Access},
  volume={10},
  pages={2813--2827},
  year={2022},
  publisher={IEEE}
}

@article{ghosh2021deep,
  title={Deep propensity network using a sparse autoencoder for estimation of treatment effects},
  author={Ghosh, Shantanu and Bian, Jiang and Guo, Yi and Prosperi, Mattia},
  journal={Journal of the American Medical Informatics Association},
  volume={28},
  number={6},
  pages={1197--1206},
  year={2021},
  publisher={Oxford University Press}
}

@article{ramachandra2018deep,
  title={Deep learning for causal inference},
  author={Ramachandra, Vikas},
  journal={arXiv preprint arXiv:1803.00149},
  year={2018}
}

@article{keller2013data,
  title={Data mining alternatives to logistic regression for propensity score estimation: Neural networks and support vector machines},
  author={Keller, Bryan SB and Kim, Jee-Seon and Steiner, Peter M},
  journal={Multivariate behavioral research},
  volume={48},
  number={1},
  pages={164--164},
  year={2013},
  publisher={Taylor \& Francis}
}

@article{watkins2013empirical,
  title={An empirical comparison of tree-based methods for propensity score estimation},
  author={Watkins, Stephanie and Jonsson-Funk, Michele and Brookhart, M Alan and Rosenberg, Steven A and O'Shea, T Michael and Daniels, Julie},
  journal={Health services research},
  volume={48},
  number={5},
  pages={1798--1817},
  year={2013},
  publisher={Wiley Online Library}
}

@article{zhu2014data,
  title={A data-adaptive strategy for inverse weighted estimation of causal effects},
  author={Zhu, Yeying and Ghosh, Debashis and Mitra, Nandita and Mukherjee, Bhramar},
  journal={Health Services and Outcomes Research Methodology},
  volume={14},
  pages={69--91},
  year={2014},
  publisher={Springer}
}

@article{westreich2010propensity,
  title={Propensity score estimation: machine learning and classification methods as alternatives to logistic regression},
  author={Westreich, Daniel and Lessler, Justin and Funk, Michele Jonsson},
  journal={Journal of clinical epidemiology},
  volume={63},
  number={8},
  pages={826},
  year={2010},
  publisher={NIH Public Access}
}

@article{mccaffrey2004propensity,
  title={Propensity score estimation with boosted regression for evaluating causal effects in observational studies.},
  author={McCaffrey, Daniel F and Ridgeway, Greg and Morral, Andrew R},
  journal={Psychological methods},
  volume={9},
  number={4},
  pages={403},
  year={2004},
  publisher={American Psychological Association}
}

@article{lee2010improving,
  title={Improving propensity score weighting using machine learning},
  author={Lee, Brian K and Lessler, Justin and Stuart, Elizabeth A},
  journal={Statistics in medicine},
  volume={29},
  number={3},
  pages={337--346},
  year={2010},
  publisher={Wiley Online Library}
}

@article{connors1996effectiveness,
  title={The effectiveness of right heart catheterization in the initial care of critically III patients},
  author={Connors, Alfred F and Speroff, Theodore and Dawson, Neal V and Thomas, Charles and Harrell, Frank E and Wagner, Douglas and Desbiens, Norman and Goldman, Lee and Wu, Albert W and Califf, Robert M and others},
  journal={Jama},
  volume={276},
  number={11},
  pages={889--897},
  year={1996},
  publisher={American Medical Association}
}